% Encoding: UTF-8
@misc{mpeg_N18470,
	title = {{Test Model for Immersive Video}},
	author = {B. Salahieh and B. Kroon and J. Jung and M. Domański},
	howpublished = {International Organization for Standardization Meeting Document {ISO}/{IEC} {JTC1}/{SC29}/{WG11} {MPEG}/N18470},
	year = {2019}
}

@misc{mpeg_N18577,
	title = {{Test Model 2 for Immersive Video}},
	author = {B. Salahieh and B. Kroon and J. Jung and M. Domański},
	howpublished = {International Organization for Standardization Meeting Document {ISO}/{IEC} {JTC1}/{SC29}/{WG11} {MPEG}/N18577},
	year = {2019}
}
@misc{mpeg_N18795,
	title = {{Test Model 3 for Immersive Video}},
	author = {B. Salahieh and B. Kroon and J. Jung and M. Domański},
	howpublished = {International Organization for Standardization Meeting Document {ISO}/{IEC} {JTC1}/{SC29}/{WG11} {MPEG}/N18795},
	year = {2019}
}

@misc{mpeg_N18563,
	title = {{Common Test Conditions for Immersive Video}},
	author = {J. Jung and B. Kroon and J. Boyce},
	howpublished = {International Organization for Standardization Meeting Document {ISO}/{IEC} {JTC1}/{SC29}/{WG11} {MPEG}/N18563},
	year = {2019}
}

@misc{Bjontegaard01,
	title = {{Calculation of Average {PSNR} Differences between {RD}-curves}},
	author = {B. Gisle},
	howpublished = {ITU - Telecommunications Standardization Sector,Video Coding Experts Group (VCEG),{VCEG}-M33},
	year = {2001}
}

@online{mpeg_HM,
	title = {{HM} 16.16},
	author = {{MPEG}},
	url = {https://hevc.hhi.fraunhofer.de/svn/svn_HEVCSoftware/tags/HM-16.16/},
	year={2019},
	lastaccessed={April 21, 2020}
}

@online{VR_market,
	title = {{Virtual Reality (VR)} Market by Hardware and Software for (Consumer, Commercial, Enterprise, Medical, Aerospace and Defense, Automotive, Energy and Others): Global Industry Perspective, Comprehensive Analysis and Forecast, 2016--2022},
	author = {ZION Market Research},
	url = {https://www.zionmarketresearch.com/report/virtual-reality-market},
	year = {2018},
	lastaccessed={April 21, 2020}
}

@online{HTCvive,
	title = {HTC VIVE},
	author = {{HTC VIVE}},
	url = {https://www.vive.com/tw/product/vive},
	year={2019},
	lastaccessed={April 21, 2020}
}

@inproceedings{CW93,
	title = {View Interpolation for Image Synthesis},
	author = {S. Chen and L. Williams},
	booktitle = {Proc. of {ACM} Annual Conference on Computer Graphics and Interactive Techniques (SIGGRAPH'93)},
	year = {1993},
	pages = {279--288}
}

@inproceedings{AS97,
	author = {S. Avidan and A. Shashua},
	title = {Novel View Synthesis in Tensor Space},
	booktitle = {Proc. of {IEEE} International Conference on Computer Vision and Pattern Recognition (CVPR'97)}, 
	year = {1997},
	pages = {1034--1040}
}

@inproceedings{TLLG09,
	title = {View Synthesis Techniques for {3D} Video},
	author = {D. Tian and P. Lai and P. Lopez and C. Gomila},
	booktitle = {Proc. of SPIE Conference on Applications of Digital Image Processing (ADIP'09)},
	year = {2009},
	pages={74430T:1-74430T:11}
}

@inproceedings{DSD18,
	title = {View Selection for Virtual View Synthesis in Free Navigation Systems},
	booktitle = {Proc. of {IEEE} International Conference on Signals and Electronic Systems (ICSES'18)},
	author = {A. Dziembowski and J. Samelak and M. Domański},
	year = {2018},
	pages = {83--87}
}

@inproceedings{PZWL+19,
	title = {Towards Low Latency Multi-viewpoint 360° Interactive Video: A Multimodal Deep Reinforcement Learning Approach},
	booktitle = {Proc. of {IEEE} Conference on Computer Communications (INFOCOM'19)},
	author = {H. Pang and C. Zhang and F. Wang and J. Liu and L. Sun},
	year = {2019},
	pages = {991--999},
}

@inproceedings{ZZBL+19,
	title = {{DRL}360: 360-degree Video Streaming with Deep Reinforcement Learning},
	booktitle = {Proc. of {IEEE} Conference on Computer Communications (INFOCOM'19)},
	author = {Y. Zhang and P. Zhao and K. Bian and Y. Liu and L. Song and X. Li},
	year = {2019},
	pages = {1252--1260},
}

@inproceedings{JCZJ18,
	title = {Plato: Learning-based Adaptive Streaming of 360-Degree Videos},
	booktitle = {Proc. of {IEEE} Conference on Local Computer Networks (LCN'18)},
	author = {X. Jiang and Y. Chiang and Y. Zhao and Y. Ji },
	year = {2018},
	pages = {393--400},
}

@inproceedings{MNA17,
	title = {Neural {Adaptive} {Video} {Streaming} with {Pensieve}},
	booktitle = {Proc. of {ACM} {Special} {Interest} {Group} on {Data} {Communication} (SIGCOMM'17)},
	author = {H. Mao  and R. Netravali  and M. Alizadeh },
	year = {2017},
	pages = {197--210},
}

@inproceedings{HPC18,
	title = {Reinforcement {Learning} for {HEVC}/{H}.265 {Intra}-{Frame} {Rate} {Control}},
	booktitle = {Proc. of {IEEE} {International} {Symposium} on {Circuits} and {Systems} (ISCAS'18)},
	author = {J. Hu and W. Peng and C. Chung },
	year = {2018},
	pages = {1--5},
}




@inproceedings{HPC17,
	title = {{HEVC}/{H}.265 Coding Unit Split Decision Using Deep Reinforcement Learning},
	booktitle = {Proc. of {IEEE} {International} {Symposium} on {Intelligent} {Signal} {Processing} and {Communication} {Systems} (ISPACS'17)},
	author = {J. Hu and W. Peng and C. Chung },
	year = {2017},
	pages = {570--575},
}

@inproceedings{HSWM17,
	title = {Reinforcement Learning for Video Encoder Control in {HEVC}},
	booktitle = {Proc. of {IEEE} {International} {Conference} on {Systems}, {Signals} and {Image} {Processing} (IWSSIP'17)},
	author = {P. Helle and H. Schwarz and T. Wiegand and K. Müller},
	year = {2017},
	pages = {1--5},
}


@inproceedings{CSSF18,
	title = {Dynamic Adaptive Streaming for Multi-viewpoint Omnidirectional Videos},
	booktitle = {Proc. of {ACM} {Multimedia} {Systems} {Conference} (MMSys'18)},
	author = {X. Corbillon and F. Simone and G. Simon  and P. Frossard},
	year = {2018},
	pages = {237--249}
}

@article{MSDM+09,
  title={View Synthesis for Advanced 3D Video Systems},
  author={K. Mueller and A. Smolic and K. Dix and P. Merkle and P. Kauff and T. Wiegand},
  journal={{EURASIP} Journal on image and video processing},
  volume={2008},
  pages={1--11},
  year={2009},
}

@article{CLFT14,
	title = {Design and {Evaluation} of a {Self}-{Learning} {HTTP} {Adaptive} {Video} {Streaming} {Client}},
	volume = {18},
	number = {4},
	journal = {{IEEE} Communications Letters},
	author = {M. Claeys and S. Latré and J. Famaey and F. Turck},
	year = {2014},
	pages = {716--719},
}

@article{MCG16,
	title = {Design, Optimization and Evaluation of A Q-learning {HTTP} Adaptive Streaming Client},
	volume = {62},
	number = {4},
	journal = {{IEEE} Transactions on Consumer Electronics},
	author = {V. Martín and J. Cabrera and N. García},
	year = {2016},
	pages = {380--388},
}
@article{CLFW+14,
	title = {Design and Optimisation of A ({FA}){Q}-learning-based {HTTP} Adaptive Streaming Client},
	volume = {26},
	number = {1},
	journal = {Connection Science},
	author = {M. Claeys and S. Latré and J. Famaey and T. Wu and W. Leekwijck and F. Turck},
	year = {2014},
	pages = {25--43},
}

@article{LZZL+19,
	title = {Reinforcement Learning Based Coding Unit Early Termination Algorithm for High Efficiency Video Coding},
	volume = {60},
	journal = {Elsevier Journal of Visual Communication and Image Representation},
	author = {N. Li and Y. Zhang and L. Zhu and W. Luo and S. Kwong},
	year = {2019},
	pages = {276--286},
}

@patent{SBB19,
	title = {Multi-pass Add-on Tool for Coherent and Complete View Synthesis (US Patent 2019/0320164 A1)},
	author = {B. Salahieh and S. Bhatia and J. Boyce},
	number = {US 2019/0320164 A1},
	year = {2019}
}

@article{SLY17,
  title={Weighted-to-spherically-uniform Quality Evaluation for Omnidirectional Video},
  author={Y. Sun and A. Lu and L. Yu},
  journal={{IEEE} Signal Processing Letters},
  volume={24},
  number={9},
  pages={1408--1412},
  year={2017},
}

@book{SB18,
  title={Reinforcement Learning: An Introduction},
  publisher = {{A} Bradford Book},
  author={R. Sutton and A. Barto},
  edition={2},
  year={2018},
}




@inproceedings{FCZW+19,
	title={360{SRL}: A Sequential Reinforcement Learning Approach for {ABR} Tile-Based 360 Video Streaming},
	author={J. Fu and X. Chen and Z. Zhang and S. Wu and Z. Chen},
	booktitle={Proc. of {IEEE} International Conference on Multimedia and Expo (ICME'19)},
	year={2019},
	pages={290-295},
}
@inproceedings{HCCJ17,
	author={J. Huang and Z. Chen and D. Ceylan and H. Jin },
	booktitle={Proc. of {IEEE} Virtual Reality Conference (VR'17)},
	title={6-{DOF} {VR} Videos with A Single 360-Camera},
	year={2017},
	pages={37-44},
}
@ARTICLE{CYWC15,
	author={B. Cheng and J. Yang and S. Wang and J. Chen},
	journal={{IEEE} Transactions on Automation Science and Engineering},
	title={Adaptive Video Transmission Control System Based on Reinforcement Learning Approach over Heterogeneous Networks},
	year={2015},
	volume={12},
	number={3},
	pages={1104-1113},
}
@INPROCEEDINGS{JSMJ+15,
	author={V. Jeroen and P. Stefano and C. Maxim and F. Jeroen and D. Filip},
	booktitle={Proc. of {IFIP}/{IEEE} International Symposium on Integrated Network Management (IM'15)},
	title={A Learning-Based Algorithm for Improved Bandwidth-Awareness of Adaptive Streaming Clients},
	year={2015},
	pages={131-138},
}
@inproceedings{HZZS18,
	author = {T. Huang and R. Zhang and C. Zhou and L. Sun},
	title = {{QARC}: Video Quality Aware Rate Control for Real-Time Video Streaming Based on Deep Reinforcement Learning},
	booktitle = {Proc. of ACM International Conference on Multimedia (MM'18)},
	year = {2018},
	pages = {1208--1216},
} 
@ARTICLE{GCRZ17,
	author={M. {Gadaleta} and F. {Chiariotti} and M. {Rossi} and A. {Zanella}},
	journal={{IEEE} Transactions on Cognitive Communications and Networking},
	title={{D}-{DASH}: A Deep {Q}-Learning Framework for {DASH} Video Streaming},
	year={2017},
	volume={3},
	number={4},
	pages={703-718},
}
@ARTICLE{MSJF14,
	author={C. Maxim and L. Steven and F. Jeroen and D. Filip}},
	journal={{IEEE} Communications Letters},
	title={Design and Evaluation of a Self-Learning HTTP Adaptive Video Streaming Client},
	year={2014},
	volume={18},
	number={4},
	pages={716-719},
}
@inproceedings{CDTF16,
	author = {F. Chiariotti and S. D'Aronco and L. Toni and P. Frossard},
	title = {Online Learning Adaptation Strategy for DASH Clients},
	booktitle = {Proc. of ACM International Conference on Multimedia Systems (MMSys'16)},
	year = {2016},
	pages = {8:1--8:12},
} 
@INPROCEEDINGS{CIZI+19,
	author={L. {Costero} and A. {Iranfar} and M. {Zapater} and F. {Igual} and K. {Olcoz} and D. {Atienza}},
	booktitle={Proc. of {IEEE} Design, Automation Test in Europe Conference Exhibition (DATE'19)},
	title={MAMUT: Multi-Agent Reinforcement Learning for Efficient Real-Time Multi-User Video Transcoding},
	year={2019},
	pages={558-563},
}
@article{FLPH19,
	author = {C. Fan and W. Lo and Y. Pai and C. Hsu},
	title = {A Survey on 360° Video Streaming: Acquisition, Transmission, and Display},
	journal = {{ACM} Computing Surveys},
	year = {2019},
	volume = {52},
	number = {4}
}

@ARTICLE{SOHW12,
	author={G. Sullivan and J. Ohm and W. Han and T. Wiegand},
	journal={{IEEE} Transactions on Circuits and Systems for Video Technology},
	title={Overview of the High Efficiency Video Coding (HEVC) Standard},
	year={2012},
	volume={22},
	number={12},
	pages={1649-1668},
}

@book{Gescheider13,
  title={Psychophysics: the Fundamentals},
  author={G. Gescheider},
  year={2013},
  publisher={Psychology Press}
}

@ARTICLE{BTBT+19,
	author={A. Bentaleb and B. Taani and A. Begen and C. Timmerer and R. Zimmermann},
	journal={{IEEE} Communications Surveys Tutorials},
	title={A Survey on Bitrate Adaptation Schemes for Streaming Media over {HTTP}},
	year={2019},
	volume={21},
	number={1},
	pages={562-585},
}

@ARTICLE{TWMR+16,
	author={T. {Tan} and R. {Weerakkody} and M. {Mrak} and N. {Ramzan} and V. {Baroncini} and J. {Ohm} and G. {Sullivan}},
	journal={{IEEE} Transactions on Circuits and Systems for Video Technology},
	title={Video Quality Evaluation Methodology and Verification Testing of HEVC Compression Performance},
	year={2016},
	volume={26},
	number={1},
	pages={76-90},
}

@InProceedings{KB17,
  author        = {D. Kingma and J. Ba},
  title         = {Adam: {A} Method for Stochastic Optimization},
  year          = {2015},
  journal       = {In Proc. of International Conference on Learning Representations (ICLR'15)},
}

@InProceedings{CCWH+10,
  author    = {Y. Chang and K. Chen and C. Wu and C. Ho and C. Lei},
  title     = {Online Game QoE Evaluation Using Paired Comparisons},
  booktitle = {Proc. of {IEEE} International Workshop Technical Committee on Communications Quality and Reliability (CQR'10)},
  year      = {2010},
  pages     = {1-6},
}

@Article{PL_model,
  author    = {R. Placket},
  title     = {The Analysis of Permutations},
  journal   = {Journal of the Royal Statistical Society. Series C (Applied Statistics)},
  year      = {1975},
  volume    = {24},
  number    = {2},
  pages     = {193--202},
}


@article{FLPH19,
author = {C. Fan and W. Lo and Y. Pai and C. Hsu},
title = {A Survey on 360° Video Streaming: Acquisition, Transmission, and Display},
year = {2019},
publisher = {Association for Computing Machinery},
address = {New York, NY, USA},
volume = {52},
number = {4},
journal = {ACM Comput. Surv.},
month = aug,
articleno = {71},
numpages = {36},
}
@ARTICLE{CVRW+20,
  author={A. {Clemm} and M. {Vega} and H. {Ravuri} and T. {Wauters} and F. {Turck}},
  journal={IEEE Communications Magazine}, 
  title={Toward Truly Immersive Holographic-Type Communication: Challenges and Solutions}, 
  year={2020},
  volume={58},
  number={1},
  pages={93-99},}
@techreport{mm20_tr,
	author = {T. Hung and C. Hsu and C. Hsu},
	year = {2020},
	title = {Technical Report: Optimizing Immersive Video Streaming Using Deep Learning Approaches: A Case Study on {TMIV}},
	note = {\url{https://reurl.cc/z8YVbe}},
}
@Article{JLK06,  
	author={Y. {Jia} and W. {Lin} and A. A. {Kassim}},  
	journal={IEEE Transactions on Circuits and Systems for Video Technology},   
	title={Estimating Just-Noticeable Distortion for Video},   
	year={2006},  
	volume={16},  
	number={7},  
	pages={820-829},
}
@ARTICLE{FYHH20,
  author={C. {Fan} and S. {Yen} and C. {Huang} and C. {Hsu}},
  journal={IEEE Transactions on Multimedia}, 
  title={Optimizing Fixation Prediction Using Recurrent Neural Networks for 360$^{\circ }$ Video Streaming in Head-Mounted Virtual Reality}, 
  year={2020},
  volume={22},
  number={3},
  pages={744-759},
}
@inproceedings{FLLH+17,
author = {C. Fan and J. Lee and W. Lo and C. Huang and K. Chen and C. Hsu},
title = {Fixation Prediction for 360° Video Streaming in Head-Mounted Virtual Reality},
year = {2017},
publisher = {Association for Computing Machinery},
booktitle = {Proceedings of the 27th Workshop on Network and Operating Systems Support for Digital Audio and Video},
pages = {67–72},
numpages = {6},
location = {Taipei, Taiwan},
series = {NOSSDAV’17}
}




@Comment{jabref-meta: databaseType:biblatex;}
